@ARTICLE{edgarReconstruction,
  author = {Garduño, Edgar and Herman, Gabor T. and Davidi, R},
  title = {Reconstruction from a few projections by $\ell_{1}$-minimization
	of the {H}aar transform},
  journal = {Inverse Problems},
  year = {2011},
  volume = {27},
  number = {5}
}

@ARTICLE{BlobsMate,
  author = {Robert M. Lewitt},
  title = {Multidimensional digital image representations using generalized
	Kaiser-Bessel window functions},
  journal = {Journal of the Optical Society of America},
  year = {1990},
  volume = {7},
  pages = {1834--1846},
  number = {10},
  publisher = {OSA}
}

@BOOK{tomografyBook,
  title = {Fundamentals of Computerized Tomography},
  publisher = {Springer},
  year = {2009},
  author = {Herman, Gabor T},
  address = {London},
  edition = {2},
  language = {english}
}

@ARTICLE{Blinn:metaballs,
  author = {Blinn, James F.},
  title = {A Generalization of Algebraic Surface Drawing},
  journal = {ACM Transactions on Graphics},
  year = {1982},
  volume = {1},
  pages = {235--256},
  month = {julio},
  address = {New York, NY, USA},
  issue = {3},
  numpages = {22},
  publisher = {ACM}
}

@ARTICLE{EdgarBoundaryTraking,
  author = {Garduño, Edgar and Herman, Gabor T. and Katz, H.},
  title = {Boundary tracking in 3{D} binary images to produce rhombic faces
	for a dodecahedral model},
  journal = {IEEE Transactions on Medical Imaging},
  year = {1998},
  volume = {17},
  pages = {1097--1100},
  number = {6},
  optmonth = {December}
}

@BOOK{Gonzalez:ImagenesDigitales,
  title = {Digital Image Procesing.},
  publisher = {Prentice Hall},
  year = {2002},
  author = {Rafael C. Gonzalez and Richard E. Woods},
  edition = {2},
  language = {english}
}

@online{openGLSite,
  author = {{The Khronos Group}},
  month = {mayo},
  title = {The Industry Standard for High Performance Graphics},
  note = {\url{http://www.opengl.org/}},
  year = {2011}
}

@INPROCEEDINGS{Hagen:vista,
  author = {Hagen, Hans and Ebert, Achim and van Lengen, Rolf Hendrik and Scheuermann,
	Gerik},
  title = {Scientific Visualization: Methods and Applications},
  booktitle = {Proceedings of the 19th spring conference on Computer graphics},
  year = {2003},
  pages = {23--33},
  address = {New York, NY, USA},
  publisher = {ACM},
  location = {Budmerice, Slovakia},
  numpages = {11}
}

@PHDTHESIS{Phong:Modelo,
  author = {Bui Tuong Phong},
  title = {Illumination of Computer-Generated Images},
  school = {University of Utah},
  year = {1973}
}

@online{wikiImagen,
  author = {{Wikipedia, the free encyclopedia}},
  month = {mayo},
  title = {Anatomical terms of location},
  note = {\url{http://en.wikipedia.org/wiki/Anatomical_terms_of_location}},
  year = {2011}
}

