% This file was created with JabRef 2.10.
% Encoding: Cp1252


@Book{Groebner2013,
  Title                    = {Business Statistics: A Decision-Making Approach.},
  Author                   = {David F. Groebner and Patrick W. Shannon and Phillip C. Fry},
  Editor                   = {Donna Battista},
  Publisher                = {Pearson},
  Year                     = {2013},

  Owner                    = {jorge},
  Timestamp                = {2015.03.08}
}

