@Book{Gottschling2015,
  Title =     {Discovering Modern C++: An Intensive Course for Scientists, Engineers, and Programmers},
  Author =    {Peter Gottschling},
  Editor =    {Greg Doench},
  Publisher = {Addison-Wesley Professional},
  Year =      {2015},
  Edition =   {1},
  Owner =     {Jorge}
}

@Book{Laakmann2015,
  Title =     {Cracking the coding interview},
  Author =    {Gayle Laakmann Mcdowell},
  Publisher = {CareerCup},
  Year =      {2015},
  Edition =   {6},
  Owner =     {Jorge}
}
